<?xml version="1.0" encoding="UTF-8"?>
<collection xmlns:xsi="http://www.w3.org/2001/XMLSchema-instance" xsi:schemaLocation="http://www.loc.gov/MARC21/slim http://www.loc.gov/standards/marcxml/schema/MARC21slim.xsd" xmlns="http://www.loc.gov/MARC21/slim">
<record>
  <leader>00611cam a2200193 u 4500</leader>
  <controlfield tag="001">646916</controlfield>
  <controlfield tag="003">NNC</controlfield>
  <controlfield tag="005">20100307232926.0</controlfield>
  <controlfield tag="008">880505q18801930ua ||||||||| |||||||ara |</controlfield>
  <datafield tag="035" ind1=" " ind2=" ">
    <subfield code="a">(OCoLC)507083218</subfield>
  </datafield>
  <datafield tag="035" ind1=" " ind2=" ">
    <subfield code="a">(OCoLC)ocn507083218</subfield>
  </datafield>
  <datafield tag="035" ind1=" " ind2=" ">
    <subfield code="a">(CStRLIN)NYCG88-B32501</subfield>
  </datafield>
  <datafield tag="035" ind1=" " ind2=" ">
    <subfield code="9">ACV3939CU</subfield>
  </datafield>
  <datafield tag="035" ind1=" " ind2=" ">
    <subfield code="a">(NNC)646916</subfield>
  </datafield>
  <datafield tag="100" ind1=" " ind2=" ">
    <subfield code="a">Janbihi, Muhammad,</subfield>
    <subfield code="d">d. 1927.</subfield>
  </datafield>
  <datafield tag="240" ind1=" " ind2="0">
    <subfield code="a">Masmum al-asinnah wa-al-siham</subfield>
  </datafield>
  <datafield tag="245" ind1="1" ind2="0">
    <subfield code="a">Kitab masmum al-asinnah wa-al-siham :</subfield>
    <subfield code="b">fi al-radd ʻala man shawwashu al-afkar bi-daʻwa tanwir al-afham.</subfield>
  </datafield>
  <datafield tag="260" ind1=" " ind2=" ">
    <subfield code="a">Misr :</subfield>
    <subfield code="b">Matbaʻat al-Islah,</subfield>
    <subfield code="c">[between 1880-1930?]</subfield>
  </datafield>
  <datafield tag="300" ind1=" " ind2=" ">
    <subfield code="a">312 p.</subfield>
  </datafield>
  <datafield tag="955" ind1=" " ind2=" ">
    <subfield code="b">CU59575689</subfield>
    <subfield code="d">off,glx</subfield>
    <subfield code="e">ME06549</subfield>
  </datafield>
</record>
</collection>